@article{rose2002baseline,
  title={A baseline and vision of ultrasonic guided wave inspection potential},
  author={Rose, Joseph L},
  journal={J. Pressure Vessel Technol.},
  volume={124},
  number={3},
  pages={273--282},
  year={2002}
}