@book{chang2013structural,
  title={Structural health monitoring 2013: a roadmap to intelligent structures: proceedings of the ninth international workshop on structural health monitoring, september 10--12, 2013},
  author={Chang, Fu-Kuo},
  year={2013},
  publisher={DEStech Publications, Inc}
}