@article{casas2003fiber,
  title={Fiber optic sensors for bridge monitoring},
  author={Casas, Joan R and Cruz, Paulo JS},
  journal={Journal of bridge engineering},
  volume={8},
  number={6},
  pages={362--373},
  year={2003},
  publisher={American Society of Civil Engineers}
}