@article{gao2009ice,
  title={Ice detection and classification on an aircraft wing with ultrasonic shear horizontal guided waves},
  author={Gao, Huidong and Rose, Joseph L},
  journal={IEEE transactions on ultrasonics, ferroelectrics, and frequency control},
  volume={56},
  number={2},
  pages={334--344},
  year={2009},
  publisher={IEEE}
}