@book{su2009identification,
  title={Identification of damage using Lamb waves: from fundamentals to applications},
  author={Su, Zhongqing and Ye, Lin},
  volume={48},
  year={2009},
  publisher={Springer Science \& Business Media}
}