@article{lowe2006long,
  title={Long range guided wave inspection usage--current commercial capabilities and research directions},
  author={Lowe, MJS and Cawley, P},
  journal={Department of Mechanical Engineering, Imperial College, London},
  year={2006}
}