@inproceedings{kkedziora2013piezoelectric,
  title={Piezoelectric transducers},
  author={K{\k{e}}dziora, Piotr and Barski, Marek and Chwa{\l}, Ma{\l}gorzata},
  booktitle={Key Engineering Materials},
  volume={542},
  pages={75--80},
  year={2013},
  organization={Trans Tech Publ}
}