@article{wilcox2003guided,
  title={Guided wave testing of rail},
  author={Wilcox, P and Evans, M and Pavlakovic, B and Alleyne, D and Vine, K and Cawley, P and Lowe, M},
  journal={Insight-Non-Destructive Testing and Condition Monitoring},
  volume={45},
  number={6},
  pages={413--420},
  year={2003},
  publisher={The British Institute of Non-Destructive Testing}
}