@book{gopalakrishnan2011computational,
  title={Computational techniques for structural health monitoring},
  author={Gopalakrishnan, Srinivasan and Ruzzene, Massimo and Hanagud, Sathyanaraya},
  year={2011},
  publisher={Springer Science \& Business Media}
}