@article{fromme2006development,
  title={On the development and testing of a guided ultrasonic wave array for structural integrity monitoring},
  author={Fromme, Paul and Wilcox, Paul D and Lowe, Michael JS and Cawley, Peter},
  journal={ieee transactions on ultrasonics, ferroelectrics, and frequency control},
  volume={53},
  number={4},
  pages={777--785},
  year={2006},
  publisher={IEEE}
}