@inproceedings{chang2002introduction,
  title={Introduction to health monitoring: context, problems, solutions},
  author={Chang, FK},
  booktitle={Presentation at the 1st European pre-workshop on structural health monitoring, Paris, France},
  year={2002}
}