@book{deraemaeker2012new,
  title={New trends in vibration based structural health monitoring},
  author={Deraemaeker, Arnaud and Worden, Keith},
  volume={520},
  year={2012},
  publisher={Springer Science \& Business Media}
}