@article{montgomery2009dmaic,
  title={The DMAIC process},
  author={Montgomery, DC},
  journal={Introduction to statistical quality control. 6th ed. Hoboken, NJ: John Wiley \& Sons Inc},
  pages={45--60},
  year={2009}
}