@inproceedings{warsi2019sensors,
  title={Sensors for Structural Health Monitoring: A Review},
  author={Warsi, Zain Hussain and Irshad, Shahzadi Mahaa and Khan, Fahd and Shahbaz, Muhammad Aaquib and Junaid, Muhammad and Amin, Syed Usman},
  booktitle={2019 Second International Conference on Latest trends in Electrical Engineering and Computing Technologies (INTELLECT)},
  pages={1--6},
  year={2019},
  organization={IEEE}
}