@inproceedings{debeda2014study,
  title={Study of free-standing electroded PZT thick-films: from materials to microsystems},
  author={Deb{\'e}da, H{\'e}l{\`e}ne and Lakhmi, Riadh and Pommier-Budinger, Valerie and Lucat, Claude},
  booktitle={Key Engineering Materials},
  volume={605},
  pages={55--58},
  year={2014},
  organization={Trans Tech Publ}
}