





@inbook{doi:10.2514/6.1994-1754,
author = {Dimitris Sarvanos and Victor Birman and Dale Hopkins},
title = {Detection of delaminations in composite beams using piezoelectric sensors},
booktitle = {Adaptive Structures Forum},
chapter = {},
pages = {},
doi = {10.2514/6.1994-1754},
URL = {https://arc.aiaa.org/doi/abs/10.2514/6.1994-1754},
eprint = {https://arc.aiaa.org/doi/pdf/10.2514/6.1994-1754}
}
