@phdthesis{Valed2000,
author = {Valed, S H D},
school = {Imperial College of Science Technology and Medicine},
title = {{Structural Integrity Monitoring of CFRP Laminates using Piezoelectric Devices.}},
type = {Ph.D. thesis},
year = {2000}
}
