@ARTICLE{58325,
author={T. {Kohonen}},
journal={Proceedings of the IEEE},
title={The self-organizing map},
year={1990},
volume={78},
number={9},
pages={1464-1480},
keywords={learning systems;neural nets;self-adjusting systems;speech recognition;self-organizing map;neural networks;semantic maps;competitive learning;clustering;learning vector;speech recognition;Biological neural networks;Artificial neural networks;Pattern recognition;Process control;Signal processing;Computer networks;Signal processing algorithms;Animals;Organizing;Speech recognition},
doi={10.1109/5.58325},
ISSN={1558-2256},
month={Sep.},}