@article{cochran2012comparison,
  title={Comparison between low-cost and traditional MEMS accelerometers: a case study from the M7. 1 Darfield, New Zealand, aftershock deployment},
  author={Cochran, Elizabeth S and Lawrence, Jesse F and Kaiser, Anna and Fry, Bill and Chung, Angela and Christensen, Carl},
  journal={Annals of Geophysics},
  volume={54},
  number={6},
  year={2012}
}