@article{bourne2009energy,
  title={Energy pile test at Lambeth College, London: geotechnical and thermodynamic aspects of pile response to heat cycles},
  author={Bourne-Webb, PJ and Amatya, B and Soga, K and Amis, T and Davidson, C and Payne, P},
  journal={G{\'e}otechnique},
  volume={59},
  number={3},
  pages={237--248},
  year={2009},
  publisher={Thomas Telford Ltd}
}