@article{li2018fiber,
  title={In-Fiber Integrated Sensor Array With Embedded Weakly Reflective Joint Surface},
  author={Li, Wenchao and Yuan, Yonggui and Yang, Jun and Deng, Hongchang and Yuan, Libo},
  journal={Journal of Lightwave Technology},
  volume={36},
  number={23},
  pages={5663--5668},
  year={2018},
  publisher={IEEE}
}