@article{dimitriadis1991piezoelectric,
  title={Piezoelectric actuators for distributed vibration excitation of thin plates},
  author={Dimitriadis, EK and Fuller, CR and Rogers, CA},
  year={1991}
}