@inproceedings{thomas2017structural,
  title={Structural health monitoring using piezoelectric sensors and actuators},
  author={Thomas, Ann Maria and Pradeep, Koovaparambil Ramunny and Mathew, Praveen},
  booktitle={Applied Mechanics and Materials},
  volume={857},
  pages={255--260},
  year={2017},
  organization={Trans Tech Publ}
}