@article{rose1998ultrasonic,
  title={Ultrasonic NDT of titanium diffusion bonding with guided waves},
  author={Rose, Joseph Lawrence and Zhu, Wenhao and Zaidi, Masood},
  year={1998}
}