%% report.bib - contains BiBtex input for bibliography

@book{udd2011fiber,
	title={Fiber optic sensors: an introduction for engineers and scientists},
	author={Udd, Eric and Spillman Jr, William B},
	year={2011},
	publisher={John Wiley \& Sons}
}

@article{hill1978photosensitivity,
	title={Photosensitivity in optical fiber waveguides: Application to reflection filter fabrication},
	author={Hill, KO and Fujii, Y and Johnson, Derwyn C and Kawasaki, BS},
	journal={Applied physics letters},
	volume={32},
	number={10},
	pages={647--649},
	year={1978},
	publisher={American Institute of Physics}
}