@article{noori2010application,
  title={Application of support vector machine for reliability assessment and structural health monitoring},
  author={Noori, MN and Cao, Y and Hou, Z and Sharma, S},
  journal={International Journal of Engineering Under Uncertainty: Hazards, Assessment and Mitigation},
  volume={2},
  number={3-4},
  pages={89--98},
  year={2010}
}
