%% report.bib - contains BiBtex input for bibliography

@book{baker2004composite,
  title={Composite materials for aircraft structures},
  author={Baker, Alan A},
  year={2004},
  publisher={AIAA}
}

@article{giurgiutiu2015structural,
  title={Structural health monitoring of aerospace composites},
  author={Giurgiutiu, Victor},
  year={2015},
  publisher={Academic Press}
}

@article{stoik2010nondestructive,
  title={Nondestructive evaluation of aircraft composites using reflective terahertz time domain spectroscopy},
  author={Stoik, Christopher and Bohn, Matthew and Blackshire, James},
  journal={Ndt \& E International},
  volume={43},
  number={2},
  pages={106--115},
  year={2010},
  publisher={Elsevier}
}

@article{poudel2015comparison,
  title={Comparison and analysis of Acoustography with other NDE techniques for foreign object inclusion detection in graphite epoxy composites},
  author={Poudel, Anish and Shrestha, Shashi Shekhar and Sandhu, Jaswinder Singh and Chu, Tsuchin Philip and Pergantis, Charles George},
  journal={Composites Part B: Engineering},
  volume={78},
  pages={86--94},
  year={2015},
  publisher={Elsevier}
}

@book{heslehurst2014defects,
  title={Defects and damage in composite materials and structures},
  author={Heslehurst, Rikard Benton},
  volume={19},
  year={2014},
  publisher={CRC press Boca Raton, FL}
}

@article{wisnom2012role,
  title={The role of delamination in failure of fibre-reinforced composites},
  author={Wisnom, MR},
  journal={Philosophical Transactions of the Royal Society A: Mathematical, Physical and Engineering Sciences},
  volume={370},
  number={1965},
  pages={1850--1870},
  year={2012},
  publisher={The Royal Society Publishing}
}

@book{talreja2012damage,
  title={Damage and failure of composite materials},
  author={Talreja, Ramesh and Singh, Chandra Veer},
  year={2012},
  publisher={Cambridge University Press}
}

@article{guinard20023d,
  title={A 3D damage analysis of low-velocity impacts on laminated composites},
  author={Guinard, S and Allix, O and Gu{\'e}dra-Degeorges, D and Vinet, A},
  journal={Composites Science and Technology},
  volume={62},
  number={4},
  pages={585--589},
  year={2002},
  publisher={Elsevier}
}

@article{staszewski2009health,
  title={Health monitoring of aerospace composite structures--Active and passive approach},
  author={Staszewski, WJ and Mahzan, S and Traynor, R},
  journal={composites Science and Technology},
  volume={69},
  number={11-12},
  pages={1678--1685},
  year={2009},
  publisher={Elsevier}
}

@article{tuo2019damage,
  title={Damage and failure mechanism of thin composite laminates under low-velocity impact and compression-after-impact loading conditions},
  author={Tuo, Hongliang and Lu, Zhixian and Ma, Xiaoping and Xing, Jun and Zhang, Chao},
  journal={Composites Part B: Engineering},
  volume={163},
  pages={642--654},
  year={2019},
  publisher={Elsevier}
}

@article{alleyne1992interaction,
  title={The interaction of Lamb waves with defects},
  author={Alleyne, David N and Cawley, Peter},
  journal={IEEE transactions on ultrasonics, ferroelectrics, and frequency control},
  volume={39},
  number={3},
  pages={381--397},
  year={1992},
  publisher={Ieee}
}

@article{mitra2016guided,
  title={Guided wave based structural health monitoring: A review},
  author={Mitra, Mira and Gopalakrishnan, S},
  journal={Smart Materials and Structures},
  volume={25},
  number={5},
  pages={053001},
  year={2016},
  publisher={IOP Publishing}
}

@inproceedings{giurgiutiu2003lamb,
  title={Lamb wave generation with piezoelectric wafer active sensors for structural health monitoring},
  author={Giurgiutiu, Victor},
  booktitle={Smart Structures and Materials 2003: Smart Structures and Integrated Systems},
  volume={5056},
  pages={111--122},
  year={2003},
  organization={International Society for Optics and Photonics}
}

@article{ihn2008pitch,
  title={Pitch-catch active sensing methods in structural health monitoring for aircraft structures},
  author={Ihn, Jeong-Beom and Chang, Fu-Kuo},
  journal={Structural Health Monitoring},
  volume={7},
  number={1},
  pages={5--19},
  year={2008},
  publisher={Sage Publications Sage UK: London, England}
}

@article{radzienski2019damage,
  title={Damage identification in various types of composite plates using guided waves excited by a piezoelectric transducer and measured by a laser vibrometer},
  author={Radzie{\'n}ski, Maciej and Kudela, Pawe{\l} and Marzani, Alessandro and De Marchi, Luca and Ostachowicz, Wies{\l}aw},
  journal={Sensors},
  volume={19},
  number={9},
  pages={1958},
  year={2019},
  publisher={Multidisciplinary Digital Publishing Institute}
}

@article{girolamo2018impact,
  title={Impact damage visualization in a honeycomb composite panel through laser inspection using zero-lag cross-correlation imaging condition},
  author={Girolamo, Donato and Chang, Huan-Yu and Yuan, Fuh-Gwo},
  journal={Ultrasonics},
  volume={87},
  pages={152--165},
  year={2018},
  publisher={Elsevier}
}

@article{kudela2018impact,
  title={Impact induced damage assessment by means of Lamb wave image processing},
  author={Kudela, Pawel and Radzienski, Maciej and Ostachowicz, Wieslaw},
  journal={Mechanical Systems and Signal Processing},
  volume={102},
  pages={23--36},
  year={2018},
  publisher={Elsevier}
}

@article{sohn2011delamination,
  title={Delamination detection in composites through guided wave field image processing},
  author={Sohn, Hoon and Dutta, D and Yang, Jin-Yeol and Park, Hyun-Jun and DeSimio, M and Olson, S and Swenson, E},
  journal={Composites science and technology},
  volume={71},
  number={9},
  pages={1250--1256},
  year={2011},
  publisher={Elsevier}
}

@article{sohn2011automated,
  title={Automated detection of delamination and disbond from wavefield images obtained using a scanning laser vibrometer},
  author={Sohn, Hoon and Dutta, D and Yang, JY and DeSimio, M and Olson, S and Swenson, E},
  journal={Smart Materials and Structures},
  volume={20},
  number={4},
  pages={045017},
  year={2011},
  publisher={IOP Publishing}
}

@article{rogge2013characterization,
  title={Characterization of impact damage in composite laminates using guided wavefield imaging and local wavenumber domain analysis},
  author={Rogge, Matthew D and Leckey, Cara AC},
  journal={Ultrasonics},
  volume={53},
  number={7},
  pages={1217--1226},
  year={2013},
  publisher={Elsevier}
}

@article{deng2014deep,
  title={Deep learning: methods and applications},
  author={Deng, Li and Yu, Dong},
  journal={Foundations and trends in signal processing},
  volume={7},
  number={3--4},
  pages={197--387},
  year={2014},
  publisher={Now Publishers Inc. Hanover, MA, USA}
}

@article{mohanty2016using,
  title={Using deep learning for image-based plant disease detection},
  author={Mohanty, Sharada P and Hughes, David P and Salath{\'e}, Marcel},
  journal={Frontiers in plant science},
  volume={7},
  pages={1419},
  year={2016},
  publisher={frontiers}
}

@article{zhang2020well,
  title={How well do deep learning-based methods for land cover classification and object detection perform on high resolution remote sensing imagery?},
  author={Zhang, Xin and Han, Liangxiu and Han, Lianghao and Zhu, Liang},
  journal={Remote Sensing},
  volume={12},
  number={3},
  pages={417},
  year={2020},
  publisher={Multidisciplinary Digital Publishing Institute}
}

@article{pashaei2020review,
  title={Review and evaluation of deep learning architectures for efficient land cover mapping with UAS hyper-spatial imagery: A case study over a wetland},
  author={Pashaei, Mohammad and Kamangir, Hamid and Starek, Michael J and Tissot, Philippe},
  journal={Remote Sensing},
  volume={12},
  number={6},
  pages={959},
  year={2020},
  publisher={Multidisciplinary Digital Publishing Institute}
}

@inproceedings{zhang2013understanding,
  title={Understanding high-level semantics by modeling traffic patterns},
  author={Zhang, Hongyi and Geiger, Andreas and Urtasun, Raquel},
  booktitle={Proceedings of the IEEE international conference on computer vision},
  pages={3056--3063},
  year={2013}
}

@inproceedings{cordts2016cityscapes,
  title={The cityscapes dataset for semantic urban scene understanding},
  author={Cordts, Marius and Omran, Mohamed and Ramos, Sebastian and Rehfeld, Timo and Enzweiler, Markus and Benenson, Rodrigo and Franke, Uwe and Roth, Stefan and Schiele, Bernt},
  booktitle={Proceedings of the IEEE conference on computer vision and pattern recognition},
  pages={3213--3223},
  year={2016}
}

@inproceedings{ros2016synthia,
  title={The synthia dataset: A large collection of synthetic images for semantic segmentation of urban scenes},
  author={Ros, German and Sellart, Laura and Materzynska, Joanna and Vazquez, David and Lopez, Antonio M},
  booktitle={Proceedings of the IEEE conference on computer vision and pattern recognition},
  pages={3234--3243},
  year={2016}
}

@inproceedings{li2018real,
  title={Real-time object detection and semantic segmentation for autonomous driving},
  author={Li, Baojun and Liu, Shun and Xu, Weichao and Qiu, Wei},
  booktitle={MIPPR 2017: Automatic Target Recognition and Navigation},
  volume={10608},
  pages={106080P},
  year={2018},
  organization={International Society for Optics and Photonics}
}

@article{taghanaki2021deep,
  title={Deep semantic segmentation of natural and medical images: a review},
  author={Taghanaki, Saeid Asgari and Abhishek, Kumar and Cohen, Joseph Paul and Cohen-Adad, Julien and Hamarneh, Ghassan},
  journal={Artificial Intelligence Review},
  volume={54},
  number={1},
  pages={137--178},
  year={2021},
  publisher={Springer}
}

@inproceedings{milioto2018real,
  title={Real-time semantic segmentation of crop and weed for precision agriculture robots leveraging background knowledge in CNNs},
  author={Milioto, Andres and Lottes, Philipp and Stachniss, Cyrill},
  booktitle={2018 IEEE international conference on robotics and automation (ICRA)},
  pages={2229--2235},
  year={2018},
  organization={IEEE}
}

@inproceedings{miksik2015semantic,
  title={The semantic paintbrush: Interactive 3d mapping and recognition in large outdoor spaces},
  author={Miksik, Ondrej and Vineet, Vibhav and Lidegaard, Morten and Prasaath, Ram and Nie{\ss}ner, Matthias and Golodetz, Stuart and Hicks, Stephen L and P{\'e}rez, Patrick and Izadi, Shahram and Torr, Philip HS},
  booktitle={Proceedings of the 33rd Annual ACM Conference on Human Factors in Computing Systems},
  pages={3317--3326},
  year={2015}
}

@book{szeliski2010computer,
  title={Computer vision: algorithms and applications},
  author={Szeliski, Richard},
  year={2010},
  publisher={Springer Science \& Business Media}
}

@inproceedings{santurkar2018does,
  title={How does batch normalization help optimization?},
  author={Santurkar, Shibani and Tsipras, Dimitris and Ilyas, Andrew and M{\k{a}}dry, Aleksander},
  booktitle={Proceedings of the 32nd international conference on neural information processing systems},
  pages={2488--2498},
  year={2018}
}

@article{srivastava2014dropout,
  title={Dropout: a simple way to prevent neural networks from overfitting},
  author={Srivastava, Nitish and Hinton, Geoffrey and Krizhevsky, Alex and Sutskever, Ilya and Salakhutdinov, Ruslan},
  journal={The journal of machine learning research},
  volume={15},
  number={1},
  pages={1929--1958},
  year={2014},
  publisher={JMLR. org}
}

@article{ijjeh2021full,
  title={Full wavefield processing by using FCN for delamination detection},
  author={Ijjeh, Abdalraheem A and Ullah, Saeed and Kudela, Pawel},
  journal={Mechanical Systems and Signal Processing},
  volume={153},
  pages={107537},
  year={2021},
  publisher={Elsevier}
}

@article{zeiler2012adadelta,
  title={Adadelta: an adaptive learning rate method},
  author={Zeiler, Matthew D},
  journal={arXiv preprint arXiv:1212.5701},
  year={2012}
}

@book{goodfellow2016deep,
  title={Deep learning},
  author={Goodfellow, Ian and Bengio, Yoshua and Courville, Aaron},
  year={2016},
  publisher={MIT press}
}