@article{farrar2003damage,
  title={Damage prognosis: current status and future needs},
  author={Farrar, Charles R and Sohn, Hoon and Hemez, Francois M and Anderson, Mark C and Bement, Matthew T and Cornwell, Phillip J and Doebling, Scott W and Schultze, JF and Lieven, N and Robertson, AN},
  journal={Report. Los Alamos, NM, USA: Los Alamos National Laboratory},
  year={2003}
}