@book{shull2002nondestructive,
  title={Nondestructive evaluation: theory, techniques, and applications},
  author={Shull, Peter J},
  year={2002},
  publisher={CRC press}
}