@book{heslehurst2014defects,
  title={Defects and damage in composite materials and structures},
  author={Heslehurst, Rikard Benton},
  year={2014},
  publisher={CRC press}
}