@book{balageas2010structural,
  title={Structural health monitoring},
  author={Balageas, Daniel and Fritzen, Claus-Peter and G{\"u}emes, Alfredo},
  volume={90},
  year={2010},
  publisher={John Wiley \& Sons}
}