@article{liang1997coupled,
  title={Coupled electro-mechanical analysis of adaptive material systems-determination of the actuator power consumption and system energy transfer},
  author={Liang, Chen and Sun, Fan Ping and Rogers, Craig A},
  journal={Journal of intelligent material systems and structures},
  volume={8},
  number={4},
  pages={335--343},
  year={1997},
  publisher={TECHNOMIC PUBLISHING CO., INC. 851 New Holland Ave., Box 3535, Lancaster, PA~â€¦}
}