@book{jawaid2018structural,
  title={Structural Health Monitoring of Biocomposites, Fibre-Reinforced Composites and Hybrid Composites},
  author={Jawaid, Mohammad and Thariq, Mohamed and Saba, Naheed},
  year={2018},
  publisher={Woodhead Publishing}
}